@article{ZhouEtAl2013,
  title={Phenomenological incorporation of nonlinear dendritic integration using integrate-and-fire neuronal frameworks},
  author={Zhou, Douglas and Li, Songting and Zhang, Xiao-hui and Cai, David},
  journal={PloS one},
  volume={8},
  number={1},
  pages={e53508},
  year={2013},
  publisher={Public Library of Science San Francisco, USA}
}


@article{ErnstBanks2002,
  title={Humans integrate visual and haptic information in a statistically optimal fashion},
  author={Ernst, Marc O and Banks, Martin S},
  journal={Nature},
  volume={415},
  number={6870},
  pages={429},
  year={2002},
  publisher={Nature Publishing Group}
}
